@book{EnginneringACompiler,
 Author = {Copper, Keith D. and Torczon, Linda},
 title = {Engineering a Compiler},
 publisher = {Morgan Kaufmann Publishers},
 number = {3},
 year = {2022},
 month = {10},
 language = {English},
 isbn = {978-0-12-815412-0}
}

@book{ModernCompilerImplementation,
 Author = {Appel, Andrew W.},
 title = {Modern Compiler Implementation in C},
 publisher = {Combridge University Press},
 year = {1997},
 language = {English},
 isbn = {978-0-52-158390-9}
}

@misc{ply,
    author = "{Beazley, David M.}",
    title = {{PLY (Python Lex-Yacc)}},
    howpublished = {\url{https://www.dabeaz.com/ply/ply.html}},
    note = {Online; accessed 16. April 2023},
    year=2018,
}

@misc{instruction,
    author = "{Fog, Agner}",
    title = {{4. Instruction tables}},
    howpublished = {\url{https://www.agner.org/optimize/instruction_tables.pdf}},
    note = {Online; accessed 28. May 2023},
    year=2022,
}



